<?xml version="1.0" encoding="UTF-8"?><collection><record><leader>07159ntm a2200661 a 4500</leader><controlfield tag="001">006803682</controlfield><controlfield tag="003">MiAaHDL</controlfield><controlfield tag="005">20190719000000.0</controlfield><controlfield tag="006">m        d        </controlfield><controlfield tag="007">cr bn ---auaua</controlfield><controlfield tag="008">090527s1550    ii            00| ||ara d</controlfield><datafield tag="035" ind1=" " ind2=" "><subfield code="a">(MiU)006803682</subfield></datafield><datafield tag="035" ind1=" " ind2=" "><subfield code="a">sdr-miu006803682</subfield></datafield><datafield tag="040" ind1=" " ind2=" "><subfield code="a">MiU</subfield><subfield code="c">MiU</subfield><subfield code="e">amremm</subfield></datafield><datafield tag="043" ind1=" " ind2=" "><subfield code="a">n-us-mi</subfield><subfield code="a">a-is---</subfield></datafield><datafield tag="100" ind1="1" ind2=" "><subfield code="6">880-01</subfield><subfield code="a">Qāḍī Khān, al-Ḥasan ibn Manṣūr al-Ūzjandī al-Farghānī,</subfield><subfield code="d">-1196.</subfield></datafield><datafield tag="240" ind1="1" ind2="0"><subfield code="6">880-02</subfield><subfield code="a">Fatāwá Qāḍī Khān.</subfield><subfield code="n">mujallad 1</subfield></datafield><datafield tag="245" ind1="1" ind2="3"><subfield code="6">880-03</subfield><subfield code="a">al-Mujallad al-awwal min Kitāb Qāḍīkhān,</subfield><subfield code="f">[957, i.e. 1550].</subfield></datafield><datafield tag="246" ind1="3" ind2=" "><subfield code="i">Title from colophon (p.571):</subfield><subfield code="a">جزء الاول من كتاب قاضي خان</subfield></datafield><datafield tag="246" ind1="3" ind2=" "><subfield code="i">Title from inscription on front flyleaf (p.1):</subfield><subfield code="a">فتاوى قاضيخان 1</subfield></datafield><datafield tag="260" ind1=" " ind2=" "><subfield code="a">[Ramlah?,</subfield><subfield code="c">1550].</subfield></datafield><datafield tag="300" ind1=" " ind2=" "><subfield code="a">280 leaves :</subfield><subfield code="b">paper ;</subfield><subfield code="c">277 x 190 (210 x 130) mm.</subfield></datafield><datafield tag="500" ind1=" " ind2=" "><subfield code="a">Shelfmark: Ann Arbor, University of Michigan, Special Collections Library, Isl. Ms. 562 v.1</subfield></datafield><datafield tag="500" ind1=" " ind2=" "><subfield code="a">Origin: As appears in colophon on p.571, copied by Yūsuf ibn Khiḍr [Khaḍir] ibn Muḥammad al-Bāqānī al-Ḥanbalī. Given date of patronage statement and date of transcription given in second volume (Ṣafar 957 [February-March 1550], commissioned and copied by the same patron and copyist), transcription of this volume likely completed in 1550.</subfield></datafield><datafield tag="500" ind1=" " ind2=" "><subfield code="a">Former shelfmark: From interior of upper cover "IL 264" (likely supplied by Yahuda).</subfield></datafield><datafield tag="500" ind1=" " ind2=" "><subfield code="a">Binding: Boards covered in red cloth ; Type II binding (with flap) ; pastedowns and flyleaves in brown wove paper ; now sewn in white thread, two stations ; worked chevron endbands in red and yellow, quite good condition ; overall in fairly good condition with some staining, abrasion, etc.</subfield></datafield><datafield tag="500" ind1=" " ind2=" "><subfield code="a">Support: non-European (likely Arab) laid paper with 9 laid lines per cm. (horizontal) and chain lines (vertical) grouped in threes with 10-14 between chains and 28-34 between groups (see p.62, etc.) ; sturdy and dense, well-burnished to glossy ; minor pest damage.</subfield></datafield><datafield tag="500" ind1=" " ind2=" "><subfield code="a">Decoration: Keywords, section headings, and abbreviation symbols rubricated or in blue ink ; textual dividers in the form of inverted commas in red.</subfield></datafield><datafield tag="500" ind1=" " ind2=" "><subfield code="a">Script: Naskh ; elegant 'Syrian' (Palestinian) hand ; partially but irregularly seriffed with slight effect of tilt to the left, curvilinear descenders (often sweeping), elongation of horizontal strokes, pointing in distinct dots, some free assimilation of letters.</subfield></datafield><datafield tag="500" ind1=" " ind2=" "><subfield code="a">Layout: Written in 29 lines per page ; frame-ruled.</subfield></datafield><datafield tag="500" ind1=" " ind2=" "><subfield code="a">Collation: ii, 28 V(280), i ; exclusively quinions ; foliation in black and red ink, Hindu-Arabic numerals ; pagination in pencil, Western numerals, supplied during digitization (includes flyleaves).</subfield></datafield><datafield tag="500" ind1=" " ind2=" "><subfield code="a">Colophon: "تم الجزء الاول من كتاب قاضي خان على روح مؤلفه الرحمة والرضوان ... على يد العبد الفقير الحقير المعترف بالعجز والتقصير راجي عفو ربه اللطيف الحنين المنان يوسف بن خضر [؟] بن محمد الباقاني نسبا والحنبلي مذهبا غفر الله له ولوالديه ولمن قرأ فيه او نظر فيه ودعا له ولوالديه ولجميع المسلمين بالمغفرة والرحمة ... والحمد لله رب العالمين"</subfield></datafield><datafield tag="500" ind1=" " ind2=" "><subfield code="a">Explicit: "ولو رأى امرأة تزني ثم تزوجها ان حبلت من المزني لا يطأها حتى تضع حملها وان لم تحبل يستحب له ان لا يطأها حتى تحيض والله اعلم بالصواب"</subfield></datafield><datafield tag="500" ind1=" " ind2=" "><subfield code="a">Incipit: "الحمد لله رب العالمين والصلاة على رسوله محمد واله اجمعين حمدا يقربنا الى مرضات الله تعالى وكرامته وصلاة تبلغنا الى محبة الرسول وشفاعته ... قال القاضي الامام ... الحسن بن منصور بن محمود الاوزجندي ... ذكرت في هذا الكتاب من المسائل التي يغلب وقوعها ويمس الحاجة اليها ..."</subfield></datafield><datafield tag="500" ind1=" " ind2=" "><subfield code="a">Title from inscription on p.5.</subfield></datafield><datafield tag="500" ind1=" " ind2=" "><subfield code="a">Ms. codex.</subfield></datafield><datafield tag="510" ind1="4" ind2=" "><subfield code="a">Juynboll, T. W. "Ḳāḍī Khān, Fakhr al-Dīn al-Ḥasan b. Manṣūr al-Farghānī." In EI2,</subfield><subfield code="c">vol. IV, p. 377, col. 1</subfield></datafield><datafield tag="510" ind1="4" ind2=" "><subfield code="a">Ḥājjī Khalīfah. Kashf al-ẓunūn,</subfield><subfield code="c">iv 364</subfield></datafield><datafield tag="510" ind1="4" ind2=" "><subfield code="a">Brockelmann, C. GAL,</subfield><subfield code="c">I 376</subfield></datafield><datafield tag="520" ind1="8" ind2=" "><subfield code="a">First of two volumes constituting a fine copy of Qāḍīkhān's (d.1196) treatise on fiqh, preceded by a table of contents (pp.4-7) ; this volume opening with the preface (followed by Kitāb al-Ṣalāh) and concluding with Bāb al-Istibrāʼ from Kitāb al-Buyūʻ.</subfield></datafield><datafield tag="538" ind1=" " ind2=" "><subfield code="a">Mode of access: Internet.</subfield></datafield><datafield tag="541" ind1=" " ind2=" "><subfield code="a">Acquired in 1926 from the bookseller Isaac Benjamin S.E. Yahuda via purchase transacted on his behalf by Abraham Shalom Yahuda (1877-1951), his younger brother.</subfield></datafield><datafield tag="546" ind1=" " ind2=" "><subfield code="a">Arabic.</subfield></datafield><datafield tag="561" ind1=" " ind2=" "><subfield code="a">Ownership / patronage statement on p.5 dated 957 [1550] in name of Muḥammad ibn Aḥmad, indicating that he had the text copied for him ("بالاستكتاب"), likely in Ramlah, statement reads "دخل في نوبة الفقير محمد ابن احمد عفي عنه بالاستكتاب في مدينة رملة [؟] في سنة ۹٥٧" and is accompanied by two scalloped, almond-shaped seal impressions (also appearing on p.7), compare statement in second volume [Isl. Ms. 562 v.2] ; collation statement on p.5 "وعدد كراريسه مع البياض ٢٨" ; ownership statement on p.7 in name of al-Sayyid al-Ḥājj Ḥasan [Ḥusayn?] Rushdī ibn al-Ḥājj Muḥammad Surūrī (Hacı Hasen [Hüseyin ?] Rüştü bin Hacı Mehmet Sürurî), reads "تملكه الفقير اليه عز شأنه السيد الحاج حسن [حسين ؟] رشدى بن الحاج محمد سرورى عفى عنهما" ; occasional marginal corrections, glosses and notabilia (side-heads).</subfield></datafield><datafield tag="650" ind1=" " ind2="0"><subfield code="a">Manuscripts, Arabic</subfield><subfield code="z">Michigan</subfield><subfield code="z">Ann Arbor.</subfield></datafield><datafield tag="650" ind1=" " ind2="0"><subfield code="a">Fatwas</subfield><subfield code="v">Early works to 1800.</subfield></datafield><datafield tag="650" ind1=" " ind2="0"><subfield code="a">Islamic law</subfield><subfield code="x">Interpretation and construction</subfield><subfield code="v">Early works to 1800.</subfield></datafield><datafield tag="650" ind1=" " ind2="0"><subfield code="a">Hanafites</subfield><subfield code="v">Early works to 1800.</subfield></datafield><datafield tag="700" ind1="0" ind2=" "><subfield code="6">880-06</subfield><subfield code="a">Hasen Rüştü bin Mehmet Süruri,</subfield><subfield code="e">former owner.</subfield></datafield><datafield tag="700" ind1="0" ind2=" "><subfield code="6">880-05</subfield><subfield code="a">Muḥammad ibn Aḥmad,</subfield><subfield code="d">fl. 1550,</subfield><subfield code="e">patron,</subfield><subfield code="e">former owner.</subfield></datafield><datafield tag="700" ind1="0" ind2=" "><subfield code="6">880-04</subfield><subfield code="a">Yūsuf ibn Khiḍr ibn Muḥammad al-Bāqānī al-Ḥanbalī,</subfield><subfield code="d">fl. 1550,</subfield><subfield code="e">scribe.</subfield></datafield><datafield tag="773" ind1="0" ind2=" "><subfield code="a">Yahuda Collection.</subfield></datafield><datafield tag="880" ind1="0" ind2=" "><subfield code="6">700-06/</subfield><subfield code="a">حسن رشدى بن محمد سرورى،</subfield><subfield code="e">مالك سابق.</subfield></datafield><datafield tag="880" ind1="0" ind2=" "><subfield code="6">700-05/</subfield><subfield code="a">محمد بن احمد،</subfield><subfield code="e">راع،</subfield><subfield code="e">مالك سابق.</subfield></datafield><datafield tag="880" ind1="0" ind2=" "><subfield code="6">700-04/</subfield><subfield code="a">يوسف بن خضر بن محمد الباقاني الحنبلي,</subfield><subfield code="e">ناسخ.</subfield></datafield><datafield tag="880" ind1="1" ind2="2"><subfield code="6">245-03/</subfield><subfield code="a">المجلد الاول من كتاب قاضيخان،</subfield><subfield code="f">[957ه، 1550م].</subfield></datafield><datafield tag="880" ind1="1" ind2="0"><subfield code="6">240-02/</subfield><subfield code="a">فتاوى قاضي خان.</subfield><subfield code="n">مجلد 1</subfield></datafield><datafield tag="880" ind1="1" ind2=" "><subfield code="6">100-01/</subfield><subfield code="a">قاضي خان، الحسن بن منصور الاوزجندي الفرغاني.</subfield></datafield><datafield tag="CID" ind1=" " ind2=" "><subfield code="a">006803682</subfield></datafield><datafield tag="DAT" ind1="0" ind2=" "><subfield code="a">20190719102636.0</subfield><subfield code="b">20190719000000.0</subfield></datafield><datafield tag="DAT" ind1="1" ind2=" "><subfield code="a">20190719090653.0</subfield><subfield code="b">2019-07-19T16:11:42Z</subfield></datafield><datafield tag="DAT" ind1="2" ind2=" "><subfield code="a">2015-10-02T18:00:03Z</subfield></datafield><datafield tag="CAT" ind1=" " ind2=" "><subfield code="a">SDR-MIU</subfield><subfield code="d">EX LIBRIS - ALEPH</subfield><subfield code="l">prepare.pl-004-008</subfield></datafield><datafield tag="FMT" ind1=" " ind2=" "><subfield code="a">BK</subfield></datafield><datafield tag="HOL" ind1=" " ind2=" "><subfield code="0">sdr-miu006803682</subfield><subfield code="a">MiU</subfield><subfield code="b">SDR</subfield><subfield code="c">MIU</subfield><subfield code="p">mdp.39015079126564</subfield><subfield code="s">MIU</subfield><subfield code="1">006803682</subfield></datafield><datafield tag="974" ind1=" " ind2=" "><subfield code="b">MIU</subfield><subfield code="c">MIU</subfield><subfield code="d">20190719</subfield><subfield code="s">lit-dlps-dc</subfield><subfield code="u">mdp.39015079126564</subfield><subfield code="y">1550</subfield><subfield code="r">pd</subfield><subfield code="q">bib</subfield><subfield code="t">non-US bib date1 &lt; 1896</subfield></datafield></record></collection>